{
  "leader": "05273cas a2200949 i 4500",
  "fields": [
    {
      "001": "ocm02115780\\"
    },
    {
      "003": "OCoLC"
    },
    {
      "005": "20211119094704.0"
    },
    {
      "008": "760416c19769999ncubr\\p\\\\\\go\\\\0\\\\\\a0eng\\c"
    },
    {
      "010": {
        "ind1": "\\",
        "ind2": "\\",
        "subfields": [
          {
            "a": "   76646971 "
          }
        ]
      }
    },
    {
      "040": {
        "ind1": "\\",
        "ind2": "\\",
        "subfields": [
          {
            "a": "NSD"
          },
          {
            "b": "eng"
          },
          {
            "c": "NSD"
          },
          {
            "d": "DLC"
          },
          {
            "d": "NSD"
          },
          {
            "d": "DLC"
          },
          {
            "d": "NSD"
          },
          {
            "d": "OCL"
          },
          {
            "d": "NST"
          },
          {
            "d": "RCS"
          },
          {
            "d": "NST"
          },
          {
            "d": "AIP"
          },
          {
            "d": "HUL"
          },
          {
            "d": "AIP"
          },
          {
            "d": "NST"
          },
          {
            "d": "AIP"
          },
          {
            "d": "HUL"
          },
          {
            "d": "AIP"
          },
          {
            "d": "NSD"
          },
          {
            "d": "NST"
          },
          {
            "d": "AIP"
          },
          {
            "d": "NST"
          },
          {
            "d": "IUL"
          },
          {
            "d": "NST"
          },
          {
            "d": "AGL"
          },
          {
            "d": "MXC"
          },
          {
            "d": "NLM"
          },
          {
            "d": "NSD"
          },
          {
            "d": "CUS"
          },
          {
            "d": "OCL"
          },
          {
            "d": "HVL"
          },
          {
            "d": "OCLCQ"
          },
          {
            "d": "MYG"
          },
          {
            "d": "OCLCQ"
          },
          {
            "d": "MYG"
          },
          {
            "d": "NLGGC"
          },
          {
            "d": "IUL"
          },
          {
            "d": "LVB"
          },
          {
            "d": "DLC"
          },
          {
            "d": "FJM"
          },
          {
            "d": "OCLCQ"
          },
          {
            "d": "HEBIS"
          },
          {
            "d": "GBVCP"
          },
          {
            "d": "DEBBG"
          },
          {
            "d": "OCLCA"
          },
          {
            "d": "IAD"
          },
          {
            "d": "OCLCQ"
          },
          {
            "d": "OCLCA"
          },
          {
            "d": "OCLCQ"
          },
          {
            "d": "OCLCF"
          },
          {
            "d": "STL"
          },
          {
            "d": "OCLCQ"
          },
          {
            "d": "OCLCO"
          },
          {
            "d": "INU"
          },
          {
            "d": "OCLCO"
          },
          {
            "d": "CSJ"
          },
          {
            "d": "OCLCO"
          },
          {
            "d": "OCLCA"
          },
          {
            "d": "GILDS"
          },
          {
            "d": "CPO"
          },
          {
            "d": "AU@"
          },
          {
            "d": "OCLCO"
          },
          {
            "d": "UKMGB"
          },
          {
            "d": "OCLCA"
          },
          {
            "d": "OCLCQ"
          },
          {
            "d": "OCLCO"
          },
          {
            "d": "CNO"
          },
          {
            "d": "OCLCO"
          },
          {
            "d": "IL4J6"
          },
          {
            "d": "OCLCO"
          },
          {
            "d": "UBY"
          },
          {
            "d": "OCLCO"
          },
          {
            "d": "UPM"
          }
        ]
      }
    },
    {
      "012": {
        "ind1": "\\",
        "ind2": "\\",
        "subfields": [
          {
            "a": "2"
          },
          {
            "b": "3"
          },
          {
            "e": "n"
          },
          {
            "j": "0"
          },
          {
            "k": "1"
          },
          {
            "l": "1"
          },
          {
            "m": "1"
          }
        ]
      }
    },
    {
      "016": {
        "ind1": "7",
        "ind2": "\\",
        "subfields": [
          {
            "a": "014081237"
          },
          {
            "2": "DE-101"
          }
        ]
      }
    },
    {
      "016": {
        "ind1": "7",
        "ind2": "\\",
        "subfields": [
          {
            "a": "752966-1"
          },
          {
            "2": "DE-600"
          }
        ]
      }
    },
    {
      "016": {
        "ind1": "7",
        "ind2": "\\",
        "subfields": [
          {
            "a": "7609331"
          },
          {
            "2": "DNLM"
          }
        ]
      }
    },
    {
      "016": {
        "ind1": "7",
        "ind2": "\\",
        "subfields": [
          {
            "a": "J22620000"
          },
          {
            "2": "DNLM"
          }
        ]
      }
    },
    {
      "016": {
        "ind1": "7",
        "ind2": "\\",
        "subfields": [
          {
            "a": "010489906"
          },
          {
            "2": "Uk"
          }
        ]
      }
    },
    {
      "019": {
        "ind1": "\\",
        "ind2": "\\",
        "subfields": [
          {
            "a": "185062622"
          },
          {
            "a": "223300545"
          },
          {
            "a": "990114857"
          },
          {
            "a": "995540068"
          },
          {
            "a": "1001213687"
          },
          {
            "a": "1013373337"
          },
          {
            "a": "1038964182"
          },
          {
            "a": "1049735099"
          },
          {
            "a": "1051226631"
          },
          {
            "a": "1057909088"
          },
          {
            "a": "1064386876"
          },
          {
            "a": "1084814031"
          },
          {
            "a": "1089776658"
          },
          {
            "a": "1202863542"
          },
          {
            "a": "1242781252"
          },
          {
            "a": "1246504411"
          },
          {
            "a": "1276772685"
          }
        ]
      }
    },
    {
      "022": {
        "ind1": "0",
        "ind2": "\\",
        "subfields": [
          {
            "a": "0361-6878"
          },
          {
            "l": "0361-6878"
          },
          {
            "2": "1"
          }
        ]
      }
    },
    {
      "030": {
        "ind1": "\\",
        "ind2": "\\",
        "subfields": [
          {
            "a": "JHPLDN"
          }
        ]
      }
    },
    {
      "032": {
        "ind1": "\\",
        "ind2": "\\",
        "subfields": [
          {
            "a": "316970"
          },
          {
            "b": "USPS"
          }
        ]
      }
    },
    {
      "035": {
        "ind1": "\\",
        "ind2": "\\",
        "subfields": [
          {
            "a": "(OCoLC)2115780"
          },
          {
            "z": "(OCoLC)185062622"
          },
          {
            "z": "(OCoLC)223300545"
          },
          {
            "z": "(OCoLC)990114857"
          },
          {
            "z": "(OCoLC)995540068"
          },
          {
            "z": "(OCoLC)1001213687"
          },
          {
            "z": "(OCoLC)1013373337"
          },
          {
            "z": "(OCoLC)1038964182"
          },
          {
            "z": "(OCoLC)1049735099"
          },
          {
            "z": "(OCoLC)1051226631"
          },
          {
            "z": "(OCoLC)1057909088"
          },
          {
            "z": "(OCoLC)1064386876"
          },
          {
            "z": "(OCoLC)1084814031"
          },
          {
            "z": "(OCoLC)1089776658"
          },
          {
            "z": "(OCoLC)1202863542"
          },
          {
            "z": "(OCoLC)1242781252"
          },
          {
            "z": "(OCoLC)1246504411"
          },
          {
            "z": "(OCoLC)1276772685"
          }
        ]
      }
    },
    {
      "037": {
        "ind1": "\\",
        "ind2": "\\",
        "subfields": [
          {
            "b": "Periodicals Dept., P.O. Box 6697, College Station, 27708"
          }
        ]
      }
    },
    {
      "042": {
        "ind1": "\\",
        "ind2": "\\",
        "subfields": [
          {
            "a": "nsdp"
          },
          {
            "a": "pcc"
          }
        ]
      }
    },
    {
      "043": {
        "ind1": "\\",
        "ind2": "\\",
        "subfields": [
          {
            "a": "n-us---"
          }
        ]
      }
    },
    {
      "050": {
        "ind1": "0",
        "ind2": "0",
        "subfields": [
          {
            "a": "RA395.A3"
          },
          {
            "b": "J68"
          }
        ]
      }
    },
    {
      "050": {
        "ind1": "\\",
        "ind2": "4",
        "subfields": [
          {
            "a": "K10"
          },
          {
            "b": ".O8 H44"
          }
        ]
      }
    },
    {
      "060": {
        "ind1": "0",
        "ind2": "0",
        "subfields": [
          {
            "a": "W1"
          },
          {
            "b": "JO67BL"
          }
        ]
      }
    },
    {
      "060": {
        "ind1": "0",
        "ind2": "0",
        "subfields": [
          {
            "a": "Film S04551"
          }
        ]
      }
    },
    {
      "070": {
        "ind1": "0",
        "ind2": "\\",
        "subfields": [
          {
            "a": "RA395.A3J68"
          }
        ]
      }
    },
    {
      "072": {
        "ind1": "\\",
        "ind2": "7",
        "subfields": [
          {
            "a": "X800"
          }
        ]
      }
    },
    {
      "072": {
        "ind1": "\\",
        "ind2": "7",
        "subfields": [
          {
            "a": "X380"
          }
        ]
      }
    },
    {
      "072": {
        "ind1": "\\",
        "ind2": "7",
        "subfields": [
          {
            "a": "D500"
          }
        ]
      }
    },
    {
      "082": {
        "ind1": "0",
        "ind2": "4",
        "subfields": [
          {
            "a": "362"
          },
          {
            "b": "JOU"
          }
        ]
      }
    },
    {
      "210": {
        "ind1": "0",
        "ind2": "\\",
        "subfields": [
          {
            "a": "J. health polit. policy law"
          }
        ]
      }
    },
    {
      "222": {
        "ind1": "\\",
        "ind2": "0",
        "subfields": [
          {
            "a": "Journal of health politics, policy and law"
          }
        ]
      }
    },
    {
      "245": {
        "ind1": "0",
        "ind2": "0",
        "subfields": [
          {
            "a": "Journal of health politics, policy and law."
          }
        ]
      }
    },
    {
      "260": {
        "ind1": "\\",
        "ind2": "\\",
        "subfields": [
          {
            "a": "[Durham, N.C.] :"
          },
          {
            "b": "[Duke University Press],"
          },
          {
            "c": "1976-"
          }
        ]
      }
    },
    {
      "300": {
        "ind1": "\\",
        "ind2": "\\",
        "subfields": [
          {
            "a": "volumes ;"
          },
          {
            "c": "24 cm"
          }
        ]
      }
    },
    {
      "310": {
        "ind1": "\\",
        "ind2": "\\",
        "subfields": [
          {
            "a": "Bimonthly,"
          },
          {
            "b": "1997-"
          }
        ]
      }
    },
    {
      "321": {
        "ind1": "\\",
        "ind2": "\\",
        "subfields": [
          {
            "a": "Quarterly,"
          },
          {
            "b": "1976-1996"
          }
        ]
      }
    },
    {
      "336": {
        "ind1": "\\",
        "ind2": "\\",
        "subfields": [
          {
            "a": "text"
          },
          {
            "b": "txt"
          },
          {
            "2": "rdacontent"
          }
        ]
      }
    },
    {
      "337": {
        "ind1": "\\",
        "ind2": "\\",
        "subfields": [
          {
            "a": "unmediated"
          },
          {
            "b": "n"
          },
          {
            "2": "rdamedia"
          }
        ]
      }
    },
    {
      "338": {
        "ind1": "\\",
        "ind2": "\\",
        "subfields": [
          {
            "a": "volume"
          },
          {
            "b": "nc"
          },
          {
            "2": "rdacarrier"
          }
        ]
      }
    },
    {
      "362": {
        "ind1": "0",
        "ind2": "\\",
        "subfields": [
          {
            "a": "v. 1- spring 1976-"
          }
        ]
      }
    },
    {
      "500": {
        "ind1": "\\",
        "ind2": "\\",
        "subfields": [
          {
            "a": "Some issues called also \u201cspecial issue\u201d and have distinctive titles."
          }
        ]
      }
    },
    {
      "530": {
        "ind1": "\\",
        "ind2": "\\",
        "subfields": [
          {
            "a": "Also issued online."
          }
        ]
      }
    },
    {
      "530": {
        "ind1": "\\",
        "ind2": "\\",
        "subfields": [
          {
            "a": "Also issued on microfilm from University Microfilms, and: W.S. Hein, Microform Division."
          }
        ]
      }
    },
    {
      "550": {
        "ind1": "\\",
        "ind2": "\\",
        "subfields": [
          {
            "a": "Issues for 1976- \"published for the Department of Health Administration, Duke University.\""
          }
        ]
      }
    },
    {
      "588": {
        "ind1": "1",
        "ind2": "\\",
        "subfields": [
          {
            "a": "Volume 45, number 5 (October 2020)."
          }
        ]
      }
    },
    {
      "650": {
        "ind1": "\\",
        "ind2": "0",
        "subfields": [
          {
            "a": "Medical policy"
          },
          {
            "z": "United States"
          },
          {
            "v": "Periodicals."
          }
        ]
      }
    },
    {
      "650": {
        "ind1": "\\",
        "ind2": "0",
        "subfields": [
          {
            "a": "Medical care"
          },
          {
            "z": "United States"
          },
          {
            "v": "Periodicals."
          }
        ]
      }
    },
    {
      "650": {
        "ind1": "\\",
        "ind2": "0",
        "subfields": [
          {
            "a": "Medical laws and legislation"
          },
          {
            "z": "United States"
          },
          {
            "v": "Periodicals."
          }
        ]
      }
    },
    {
      "650": {
        "ind1": "\\",
        "ind2": "7",
        "subfields": [
          {
            "a": "Medical care."
          },
          {
            "2": "fast"
          },
          {
            "0": "(OCoLC)fst01013753"
          }
        ]
      }
    },
    {
      "650": {
        "ind1": "\\",
        "ind2": "7",
        "subfields": [
          {
            "a": "Medical laws and legislation."
          },
          {
            "2": "fast"
          },
          {
            "0": "(OCoLC)fst01014309"
          }
        ]
      }
    },
    {
      "650": {
        "ind1": "\\",
        "ind2": "7",
        "subfields": [
          {
            "a": "Medical policy."
          },
          {
            "2": "fast"
          },
          {
            "0": "(OCoLC)fst01014505"
          }
        ]
      }
    },
    {
      "651": {
        "ind1": "\\",
        "ind2": "7",
        "subfields": [
          {
            "a": "United States."
          },
          {
            "2": "fast"
          },
          {
            "0": "(OCoLC)fst01204155"
          }
        ]
      }
    },
    {
      "650": {
        "ind1": "\\",
        "ind2": "2",
        "subfields": [
          {
            "a": "Delivery of Health Care."
          }
        ]
      }
    },
    {
      "650": {
        "ind1": "\\",
        "ind2": "2",
        "subfields": [
          {
            "a": "Health Planning."
          }
        ]
      }
    },
    {
      "650": {
        "ind1": "\\",
        "ind2": "2",
        "subfields": [
          {
            "a": "Health Services."
          }
        ]
      }
    },
    {
      "650": {
        "ind1": "\\",
        "ind2": "2",
        "subfields": [
          {
            "a": "Public Health Administration."
          }
        ]
      }
    },
    {
      "655": {
        "ind1": "\\",
        "ind2": "0",
        "subfields": [
          {
            "a": "Electronic journals."
          }
        ]
      }
    },
    {
      "655": {
        "ind1": "\\",
        "ind2": "7",
        "subfields": [
          {
            "a": "Periodicals."
          },
          {
            "2": "fast"
          },
          {
            "0": "(OCoLC)fst01411641"
          }
        ]
      }
    },
    {
      "655": {
        "ind1": "\\",
        "ind2": "7",
        "subfields": [
          {
            "a": "Periodicals."
          },
          {
            "2": "lcgft"
          }
        ]
      }
    },
    {
      "655": {
        "ind1": "\\",
        "ind2": "2",
        "subfields": [
          {
            "a": "Periodical."
          }
        ]
      }
    },
    {
      "710": {
        "ind1": "2",
        "ind2": "\\",
        "subfields": [
          {
            "a": "Duke University."
          },
          {
            "b": "Department of Health Administration,"
          },
          {
            "e": "issuing body."
          }
        ]
      }
    },
    {
      "776": {
        "ind1": "1",
        "ind2": "\\",
        "subfields": [
          {
            "c": "Microfilm"
          },
          {
            "d": "University Microfilms International"
          },
          {
            "t": "Journal of health politics, policy and law"
          },
          {
            "w": "(DLC)sn 90040591"
          },
          {
            "w": "(OCoLC)6492202"
          }
        ]
      }
    },
    {
      "776": {
        "ind1": "1",
        "ind2": "\\",
        "subfields": [
          {
            "c": "Microfilm"
          },
          {
            "d": "W.S. Hein, Microform Division"
          },
          {
            "t": "Journal of health politics, policy and law"
          },
          {
            "w": "(DLC)sn 90040592"
          },
          {
            "w": "(OCoLC)10425712"
          }
        ]
      }
    },
    {
      "776": {
        "ind1": "0",
        "ind2": "8",
        "subfields": [
          {
            "i": "Online version:"
          },
          {
            "t": "Journal of health politics, policy and law (Online)"
          },
          {
            "x": "1527-1927"
          },
          {
            "w": "(DLC)sn 99004661"
          },
          {
            "w": "(OCoLC)42415263"
          }
        ]
      }
    },
    {
      "776": {
        "ind1": "0",
        "ind2": "8",
        "subfields": [
          {
            "i": "Online version:"
          },
          {
            "t": "Journal of health politics, policy and law"
          },
          {
            "w": "(OCoLC)612368938"
          }
        ]
      }
    },
    {
      "850": {
        "ind1": "\\",
        "ind2": "\\",
        "subfields": [
          {
            "a": "AU"
          },
          {
            "a": "CSt-L"
          },
          {
            "a": "CU-S"
          },
          {
            "a": "CaMWM"
          },
          {
            "a": "CaOPAL"
          },
          {
            "a": "CtY-SSE"
          },
          {
            "a": "DLC"
          },
          {
            "a": "DNAL"
          },
          {
            "a": "FU"
          },
          {
            "a": "FU-HC"
          },
          {
            "a": "ICU"
          },
          {
            "a": "INS"
          },
          {
            "a": "IaAS"
          },
          {
            "a": "IaU-L"
          },
          {
            "a": "KMK"
          },
          {
            "a": "MBU-M"
          },
          {
            "a": "MH-KG"
          },
          {
            "a": "MH-L"
          },
          {
            "a": "MH-SF"
          },
          {
            "a": "MU"
          },
          {
            "a": "MWH"
          },
          {
            "a": "MiDW-L"
          },
          {
            "a": "MoKU"
          },
          {
            "a": "NAurW"
          },
          {
            "a": "NBC"
          },
          {
            "a": "NN"
          },
          {
            "a": "NNC-L"
          },
          {
            "a": "NRU"
          },
          {
            "a": "NcD"
          },
          {
            "a": "NhD-D"
          },
          {
            "a": "PU"
          },
          {
            "a": "PU-L"
          },
          {
            "a": "TU-M"
          },
          {
            "a": "TxCM"
          },
          {
            "a": "ViBlbV"
          },
          {
            "a": "WaU-L"
          }
        ]
      }
    },
    {
      "856": {
        "ind1": "4",
        "ind2": "1",
        "subfields": [
          {
            "u": "http://jhppl.dukejournals.org/"
          }
        ]
      }
    },
    {
      "856": {
        "ind1": "4",
        "ind2": "1",
        "subfields": [
          {
            "u": "http://muse.jhu.edu/journals/jhp/"
          }
        ]
      }
    },
    {
      "856": {
        "ind1": "4",
        "ind2": "1",
        "subfields": [
          {
            "u": "http://openurl.ingenta.com/content?genre=journal&issn=0361-6878"
          }
        ]
      }
    },
    {
      "856": {
        "ind1": "4",
        "ind2": "\\",
        "subfields": [
          {
            "u": "http://firstsearch.oclc.org"
          },
          {
            "z": "Address for accessing the journal using authorization number and password through OCLC FirstSearch Electronic Collections Online. Subscription to online journal required for access to abstracts and full text"
          }
        ]
      }
    },
    {
      "856": {
        "ind1": "4",
        "ind2": "\\",
        "subfields": [
          {
            "u": "http://firstsearch.oclc.org/journal=0361-6878;screen=info;ECOIP"
          },
          {
            "z": "Address for accessing the journal from an authorized IP address through OCLC FirstSearch Electronic Collections Online. Subscription to online journal required for access to abstracts and full text"
          }
        ]
      }
    },
    {
      "891": {
        "ind1": "2",
        "ind2": "0",
        "subfields": [
          {
            "9": "853"
          },
          {
            "8": "1"
          },
          {
            "a": "v."
          },
          {
            "b": "no."
          },
          {
            "u": "6"
          },
          {
            "v": "r"
          },
          {
            "i": "(year)"
          },
          {
            "j": "(month)"
          },
          {
            "w": "b"
          },
          {
            "x": "02"
          },
          {
            "y": "pm02,04,06,08,10,12"
          }
        ]
      }
    },
    {
      "891": {
        "ind1": "4",
        "ind2": "1",
        "subfields": [
          {
            "9": "863"
          },
          {
            "8": "1.1"
          },
          {
            "a": "<25>"
          },
          {
            "b": "<1>"
          },
          {
            "i": "<2000>"
          },
          {
            "j": "<02>"
          }
        ]
      }
    },
    {
      "936": {
        "ind1": "\\",
        "ind2": "\\",
        "subfields": [
          {
            "a": "Unknown"
          },
          {
            "a": "spring 1976"
          }
        ]
      }
    },
    {
      "994": {
        "ind1": "\\",
        "ind2": "\\",
        "subfields": [
          {
            "a": "Z0"
          },
          {
            "b": "NYRVC"
          }
        ]
      }
    },
    {
      "948": {
        "ind1": "\\",
        "ind2": "\\",
        "subfields": [
          {
            "h": "NO HOLDINGS IN NYRVC - 817 OTHER HOLDINGS"
          }
        ]
      }
    },
    {
      "999": {
        "ind1": "\\",
        "ind2": "\\",
        "subfields": [
          {
            "a": "00000000013478"
          },
          {
            "v": "Volume 11 number 4"
          }
        ]
      }
    }
  ]
}